<mx:record xmlns="http://www.w3.org/TR/xhtml1/strict" xmlns:mx="http://www.loc.gov/MARC21/slim" xmlns:xsi="http://www.w3.org/2001/XMLSchema-instance"><mx:leader>00000nz   2200000n  4500</mx:leader><mx:controlfield tag="001">oca00100975 </mx:controlfield><mx:controlfield tag="005">19840322000000.0</mx:controlfield><mx:controlfield tag="008">801119n| acannaab|          |a aaa |||  </mx:controlfield><mx:datafield ind1=" " ind2=" " tag="010"><mx:subfield code="a">n  50066825 </mx:subfield></mx:datafield><mx:datafield ind1=" " ind2=" " tag="040"><mx:subfield code="a">DLC</mx:subfield><mx:subfield code="c">DLC</mx:subfield></mx:datafield><mx:datafield ind1="1" ind2=" " tag="100"><mx:subfield code="a">Paris, Matthew,</mx:subfield><mx:subfield code="d">1200-1259.</mx:subfield></mx:datafield><mx:datafield ind1="0" ind2=" " tag="400"><mx:subfield code="a">Matthaeus,</mx:subfield><mx:subfield code="c">Westmonasteriensis,</mx:subfield><mx:subfield code="d">1200-1259</mx:subfield></mx:datafield><mx:datafield ind1="1" ind2=" " tag="400"><mx:subfield code="a">Westminster, Matthew,</mx:subfield><mx:subfield code="d">1200-1259</mx:subfield></mx:datafield><mx:datafield ind1="1" ind2=" " tag="400"><mx:subfield code="a">Parizhskiĭ, Matveĭ,</mx:subfield><mx:subfield code="d">1200-1259</mx:subfield></mx:datafield><mx:datafield ind1="0" ind2=" " tag="400"><mx:subfield code="a">Matveĭ,</mx:subfield><mx:subfield code="c">Parizhskiĭ,</mx:subfield><mx:subfield code="d">1200-1259</mx:subfield></mx:datafield><mx:datafield ind1="0" ind2=" " tag="400"><mx:subfield code="a">Matthew,</mx:subfield><mx:subfield code="c">of Westminster,</mx:subfield><mx:subfield code="d">1200-1259</mx:subfield></mx:datafield><mx:datafield ind1="0" ind2=" " tag="400"><mx:subfield code="a">Matthew,</mx:subfield><mx:subfield code="c">Paris,</mx:subfield><mx:subfield code="d">1200-1259</mx:subfield></mx:datafield><mx:datafield ind1="0" ind2=" " tag="400"><mx:subfield code="a">Matthew,</mx:subfield><mx:subfield code="c">of Paris,</mx:subfield><mx:subfield code="d">1200-1259</mx:subfield></mx:datafield><mx:datafield ind1="0" ind2=" " tag="400"><mx:subfield code="a">Matthieu,</mx:subfield><mx:subfield code="c">Paris,</mx:subfield><mx:subfield code="d">1200-1259</mx:subfield></mx:datafield><mx:datafield ind1="0" ind2=" " tag="400"><mx:subfield code="a">Mathieu,</mx:subfield><mx:subfield code="c">Paris,</mx:subfield><mx:subfield code="d">1200-1259</mx:subfield></mx:datafield><mx:datafield ind1="0" ind2=" " tag="400"><mx:subfield code="a">Matthaeus,</mx:subfield><mx:subfield code="c">Parisiensis,</mx:subfield><mx:subfield code="d">1200-1259</mx:subfield></mx:datafield><mx:datafield ind1=" " ind2=" " tag="670"><mx:subfield code="a">His Flores historiarum.</mx:subfield></mx:datafield><mx:datafield ind1=" " ind2=" " tag="999"><mx:subfield code="a">182</mx:subfield></mx:datafield></mx:record>